<record><leader>00000cas a2200000 a 4500</leader><controlfield tag="001">9273347</controlfield><controlfield tag="008">830303d1925199uohusn ne      0   b0slv c</controlfield><datafield ind1=" " ind2=" " tag="010"><subfield code="a">sn 83002029 </subfield></datafield><datafield ind1=" " ind2=" " tag="040"><subfield code="a">NSD</subfield><subfield code="b">eng</subfield><subfield code="c">NSD</subfield><subfield code="d">NPY</subfield><subfield code="d">NPV</subfield><subfield code="d">NSD</subfield><subfield code="d">DLC</subfield><subfield code="d">ONP</subfield><subfield code="d">NSD</subfield><subfield code="d">OCL</subfield><subfield code="d">DLC</subfield><subfield code="d">CRL</subfield><subfield code="d">NPW</subfield><subfield code="d">NVF</subfield><subfield code="d">DLC</subfield><subfield code="d">OCLCQ</subfield><subfield code="d">NVF</subfield><subfield code="d">OCLCO</subfield><subfield code="d">OCLCF</subfield><subfield code="d">NVF</subfield><subfield code="d">OCL</subfield><subfield code="d">OCLCO</subfield></datafield><datafield ind1=" " ind2=" " tag="019"><subfield code="a">13421966</subfield></datafield><datafield ind1="1" ind2=" " tag="022"><subfield code="a">0745-5453</subfield><subfield code="l">0745-5453</subfield><subfield code="2">1</subfield></datafield><datafield ind1="1" ind2=" " tag="029"><subfield code="a">AU@</subfield><subfield code="b">000020395174</subfield></datafield><datafield ind1=" " ind2=" " tag="032"><subfield code="a">024060</subfield><subfield code="b">USPS</subfield></datafield><datafield ind1="0" ind2=" " tag="041"><subfield code="a">slveng</subfield></datafield><datafield ind1=" " ind2=" " tag="042"><subfield code="a">pcc</subfield><subfield code="a">nsdp</subfield></datafield><datafield ind1="0" ind2="0" tag="050"><subfield code="a">E184.S65</subfield><subfield code="b">A74</subfield></datafield><datafield ind1="0" ind2="0" tag="050"><subfield code="a">Newspaper</subfield></datafield><datafield ind1="0" ind2=" " tag="130"><subfield code="a">Amerikanski Slovenec (Chicago, Ill.)</subfield></datafield><datafield ind1=" " ind2="0" tag="222"><subfield code="a">Amerikanski Slovenec</subfield></datafield><datafield ind1="1" ind2="0" tag="245"><subfield code="a">Amerikanski Slovenec.</subfield></datafield><datafield ind1="1" ind2="3" tag="246"><subfield code="a">Amerikanski Slovenec Glasilo K.S.K. Jednote</subfield></datafield><datafield ind1=" " ind2=" " tag="260"><subfield code="a">Chicago, Ill. :</subfield><subfield code="b">[Edinost Pub. Co.],</subfield><subfield code="c">1925-[199-?].</subfield></datafield><datafield ind1="3" ind2=" " tag="260"><subfield code="a">Chicago, Ill. ;</subfield><subfield code="a">Tower, Minn. ;</subfield><subfield code="a">Joliet, Ill. ;</subfield><subfield code="a">Cleveland, Ohio</subfield></datafield><datafield ind1=" " ind2=" " tag="300"><subfield code="a">v.</subfield></datafield><datafield ind1=" " ind2=" " tag="310"><subfield code="a">Semimonthly (except monthly in June-Aug, Dec.),</subfield><subfield code="b">&lt;June 1998&gt;-</subfield></datafield><datafield ind1=" " ind2=" " tag="321"><subfield code="a">Daily (except Sunday, Monday, &amp; the day after holidays),</subfield><subfield code="b">&lt;Aug. 8, 1940&gt;-May 29, 1943</subfield></datafield><datafield ind1=" " ind2=" " tag="321"><subfield code="a">Semiweekly,</subfield><subfield code="b">June 1, 1943-&lt;Dec. 25, 1945&gt;</subfield></datafield><datafield ind1=" " ind2=" " tag="321"><subfield code="a">Weekly,</subfield><subfield code="b">&lt;Jan. 2, 1963&gt;-&lt;June 8, 1983&gt;</subfield></datafield><datafield ind1=" " ind2=" " tag="321"><subfield code="a">Biweekly,</subfield><subfield code="b">&lt;June 22, 1983&gt;-</subfield></datafield><datafield ind1=" " ind2=" " tag="321"><subfield code="a">Semimonthly,</subfield><subfield code="b">-&lt;Apr. 1998&gt;</subfield></datafield><datafield ind1="0" ind2=" " tag="362"><subfield code="a">Letnik 34., s&#780;t. 121. (4. avg., 1925)-</subfield></datafield><datafield ind1=" " ind2=" " tag="500"><subfield code="a">Place of publication varies: Chicago, Ill., Tower, Minn., Joliet, Ill., and Cleveland, Ohio.</subfield></datafield><datafield ind1=" " ind2=" " tag="515"><subfield code="a">Continues the numbering of Amerikanski Slovenec edinost.</subfield></datafield><datafield ind1=" " ind2=" " tag="515"><subfield code="a">Numbering begins each year with no. 1.</subfield></datafield><datafield ind1=" " ind2=" " tag="530"><subfield code="a">Available on microfilm;</subfield><subfield code="b">Library of Congress, Photoduplication Service.</subfield></datafield><datafield ind1=" " ind2=" " tag="546"><subfield code="a">In Slovenian and English.</subfield></datafield><datafield ind1=" " ind2=" " tag="550"><subfield code="a">Official publication of the American Slovenian Catholic Union, &lt;Sept. 23, 1992&gt;-</subfield></datafield><datafield ind1=" " ind2=" " tag="588"><subfield code="a">Latest issue consulted: June 13, 1913.</subfield></datafield><datafield ind1=" " ind2="0" tag="650"><subfield code="a">Slovenian Americans</subfield><subfield code="v">Newspapers.</subfield></datafield><datafield ind1=" " ind2="0" tag="650"><subfield code="a">Slovenes</subfield><subfield code="z">United States</subfield><subfield code="v">Newspapers.</subfield></datafield><datafield ind1=" " ind2="0" tag="651"><subfield code="a">United States</subfield><subfield code="v">Newspapers.</subfield></datafield><datafield ind1=" " ind2="7" tag="655"><subfield code="a">Newspapers.</subfield><subfield code="2">fast</subfield><subfield code="0">(OCoLC)fst01423814</subfield></datafield><datafield ind1=" " ind2="7" tag="650"><subfield code="a">Slovenes.</subfield><subfield code="2">fast</subfield><subfield code="0">(OCoLC)fst01121077</subfield></datafield><datafield ind1=" " ind2="7" tag="650"><subfield code="a">Slovenian Americans.</subfield><subfield code="2">fast</subfield><subfield code="0">(OCoLC)fst01121095</subfield></datafield><datafield ind1=" " ind2="7" tag="651"><subfield code="a">United States.</subfield><subfield code="2">fast</subfield><subfield code="0">(OCoLC)fst01204155</subfield></datafield><datafield ind1="2" ind2=" " tag="710"><subfield code="a">Kranjsko slovenska katolis&#780;ka jednota (United States).</subfield><subfield code="k">Newspapers.</subfield></datafield><datafield ind1=" " ind2=" " tag="752"><subfield code="a">United States</subfield><subfield code="b">Ohio</subfield><subfield code="c">Cuyahoga</subfield><subfield code="d">Cleveland.</subfield></datafield><datafield ind1=" " ind2=" " tag="752"><subfield code="a">United States</subfield><subfield code="b">Illinois</subfield><subfield code="c">Will</subfield><subfield code="d">Joliet.</subfield></datafield><datafield ind1=" " ind2=" " tag="752"><subfield code="a">United States</subfield><subfield code="b">Minnesota</subfield><subfield code="c">Saint Louis</subfield><subfield code="d">Tower.</subfield></datafield><datafield ind1=" " ind2=" " tag="752"><subfield code="a">United States</subfield><subfield code="b">Illinois</subfield><subfield code="c">Cook</subfield><subfield code="d">Chicago.</subfield></datafield><datafield ind1="0" ind2="0" tag="780"><subfield code="t">Amerikanski Slovenec edinost</subfield><subfield code="w">(DLC)sn 84024467</subfield><subfield code="w">(OCoLC)11064777</subfield></datafield><datafield ind1="0" ind2="0" tag="785"><subfield code="t">KSKJ voice</subfield><subfield code="x">1524-4407</subfield><subfield code="w">(DLC)sn 99003664</subfield><subfield code="w">(OCoLC)41043537</subfield></datafield><datafield ind1=" " ind2=" " tag="936"><subfield code="a">No. 5 (Mar. 9. 1994) LIC</subfield></datafield></record>